<record><leader>00000cas a22000007a 4500</leader><controlfield tag="001">23604625</controlfield><controlfield tag="008">910425d19791981mnuwr ne      0    0eng d</controlfield><datafield ind1=" " ind2=" " tag="010"><subfield code="a">sn 91059229 </subfield></datafield><datafield ind1=" " ind2=" " tag="040"><subfield code="a">MN#</subfield><subfield code="b">eng</subfield><subfield code="c">MN#</subfield><subfield code="d">OCLCQ</subfield><subfield code="d">OCLCO</subfield><subfield code="d">OCLCA</subfield></datafield><datafield ind1="1" ind2=" " tag="029"><subfield code="a">AU@</subfield><subfield code="b">000025889536</subfield></datafield><datafield ind1=" " ind2=" " tag="042"><subfield code="a">msc</subfield></datafield><datafield ind1=" " ind2=" " tag="043"><subfield code="a">n-us-mn</subfield></datafield><datafield ind1=" " ind2=" " tag="052"><subfield code="a">4144</subfield><subfield code="b">S44</subfield><subfield code="b">C565</subfield><subfield code="b">K27</subfield></datafield><datafield ind1=" " ind2=" " tag="052"><subfield code="a">4143</subfield><subfield code="b">N5</subfield><subfield code="b">L5</subfield></datafield><datafield ind1="0" ind2="0" tag="245"><subfield code="a">St. Peter new times.</subfield></datafield><datafield ind1="3" ind2="0" tag="246"><subfield code="a">Saint Peter new times</subfield></datafield><datafield ind1=" " ind2=" " tag="260"><subfield code="a">St. Peter, Minn. :</subfield><subfield code="b">New Times Pub. Co.,</subfield><subfield code="c">1979-1981.</subfield></datafield><datafield ind1=" " ind2=" " tag="300"><subfield code="a">2 v.</subfield></datafield><datafield ind1=" " ind2=" " tag="310"><subfield code="a">Weekly</subfield></datafield><datafield ind1="0" ind2=" " tag="362"><subfield code="a">Vol. 1, no. 1 (July 31, 1979)-v. 2, no. 29 (Feb. 17, 1981).</subfield></datafield><datafield ind1=" " ind2=" " tag="521"><subfield code="a">Serving St. Peter, Cleveland, Kasota and the surrounding areas.</subfield></datafield><datafield ind1=" " ind2=" " tag="530"><subfield code="a">Available on microfilm from the Minnesota Historical Society.</subfield></datafield><datafield ind1=" " ind2="0" tag="650"><subfield code="a">Free circulation newspapers and periodicals</subfield><subfield code="z">Minnesota</subfield><subfield code="z">Saint Peter.</subfield></datafield><datafield ind1=" " ind2="0" tag="651"><subfield code="a">Saint Peter (Minn.)</subfield><subfield code="v">Newspapers.</subfield></datafield><datafield ind1=" " ind2="0" tag="651"><subfield code="a">Cleveland (Minn.)</subfield><subfield code="v">Newspapers.</subfield></datafield><datafield ind1=" " ind2="0" tag="651"><subfield code="a">Kasota (Minn.)</subfield><subfield code="v">Newspapers.</subfield></datafield><datafield ind1=" " ind2=" " tag="752"><subfield code="a">United States</subfield><subfield code="b">Minnesota</subfield><subfield code="c">Nicollet</subfield><subfield code="d">Saint Peter.</subfield></datafield><datafield ind1=" " ind2=" " tag="752"><subfield code="a">United States</subfield><subfield code="b">Minnesota</subfield><subfield code="c">Le Sueur</subfield><subfield code="d">Cleveland.</subfield></datafield><datafield ind1=" " ind2=" " tag="752"><subfield code="a">United States</subfield><subfield code="b">Minnesota</subfield><subfield code="c">Le Sueur</subfield><subfield code="d">Kasota.</subfield></datafield><datafield ind1="0" ind2="4" tag="785"><subfield code="t">Saint Peter herald</subfield><subfield code="w">(DLC)sn 91059224</subfield></datafield></record>